<?xml version='1.0' encoding='UTF-8'?>
<record xmlns="http://www.loc.gov/MARC21/slim">
  <leader>01333cam a2200325 a 4500</leader>
  <controlfield tag="001">1080251</controlfield>
  <controlfield tag="003">NjP</controlfield>
  <controlfield tag="005">20171030094353.0</controlfield>
  <controlfield tag="008">960828m19829999ir       b    000 0 ara d</controlfield>
  <datafield tag="024" ind1="7" ind2=" ">
    <subfield code="a">princeton_aco002742</subfield>
    <subfield code="2">local</subfield>
  </datafield>
  <datafield ind1=" " ind2=" " tag="035">
    <subfield code="a">(OCoLC)ocn176595272</subfield>
  </datafield>
  <datafield ind1=" " ind2=" " tag="040">
    <subfield code="a">NjP</subfield>
    <subfield code="c">PUL</subfield>
    <subfield code="d">PUL</subfield>
  </datafield>
  <datafield ind1=" " ind2=" " tag="035">
    <subfield code="a">(OCoLC)176595272</subfield>
  </datafield>
  <datafield ind1=" " ind2=" " tag="035">
    <subfield code="a">(CStRLIN)NJPG96-B48588</subfield>
  </datafield>
  <datafield ind1=" " ind2=" " tag="035">
    <subfield code="9">CCG0296TS</subfield>
  </datafield>
  <datafield ind1=" " ind2=" " tag="035">
    <subfield code="a">(NjP)1080251</subfield>
  </datafield>
  <datafield ind1=" " ind2=" " tag="079">
    <subfield code="a">ocm35398884</subfield>
  </datafield>
  <datafield ind1=" " ind2=" " tag="049">
    <subfield code="a">PULL</subfield>
  </datafield>
  <datafield ind1="1" ind2=" " tag="100">
    <subfield code="6">880-01</subfield>
    <subfield code="a">Āl Shubayr al-Khāqānī, Muḥammad Ṭāhir,</subfield>
    <subfield code="d">1911-1986.</subfield>
    <subfield code="0">http://id.loc.gov/authorities/names/nr98005726</subfield>
  </datafield>
  <datafield ind1="1" ind2="4" tag="245">
    <subfield code="6">880-02</subfield>
    <subfield code="a">al-ʻAql al-basharī fī tafsīr al-Qurʼān /</subfield>
    <subfield code="c">li-Muḥammad Ṭāhir Āl Shubayr al-Khāqānī.</subfield>
  </datafield>
  <datafield ind1=" " ind2=" " tag="260">
    <subfield code="6">880-03</subfield>
    <subfield code="a">[Qom] :</subfield>
    <subfield code="b">[s.n.],</subfield>
    <subfield code="c">1403- [1982]-</subfield>
    <subfield code="e">([Qom] :</subfield>
    <subfield code="f">Maṭbaʻat Mahr)</subfield>
  </datafield>
  <datafield ind1=" " ind2=" " tag="300">
    <subfield code="a">v. ;</subfield>
    <subfield code="c">25 cm.</subfield>
  </datafield>
  <datafield ind1=" " ind2=" " tag="504">
    <subfield code="a">Includes bibliographical references.</subfield>
  </datafield>
  <datafield ind1="0" ind2="0" tag="630">
    <subfield code="a">Qurʼan</subfield>
    <subfield code="x">Commentaries.</subfield>
  </datafield>
  <datafield ind1="1" ind2=" " tag="880">
    <subfield code="6">100-01/r</subfield>
    <subfield code="a">آل شبير الخاقاني، محمد طاهر،</subfield>
    <subfield code="d">1911-1986.</subfield>
  </datafield>
  <datafield ind1="1" ind2="2" tag="880">
    <subfield code="6">245-02/r</subfield>
    <subfield code="a">العقل البشري في تفسير القرآن /</subfield>
    <subfield code="c">لمحمد طاهر آل شبير الخاقاني.</subfield>
  </datafield>
  <datafield ind1=" " ind2=" " tag="880">
    <subfield code="6">260-03/r</subfield>
    <subfield code="a">[قم] :</subfield>
    <subfield code="b">[s.n.]،</subfield>
    <subfield code="c">1403- [1982]</subfield>
    <subfield code="e">([قم] :</subfield>
    <subfield code="f">مطبعة مهر)</subfield>
  </datafield>
  <datafield ind1=" " ind2=" " tag="998">
    <subfield code="a">08/28/96</subfield>
    <subfield code="s">9114</subfield>
    <subfield code="n">NjP</subfield>
    <subfield code="d">08/28/96</subfield>
    <subfield code="c">KC</subfield>
    <subfield code="b">KC</subfield>
    <subfield code="i">960828</subfield>
    <subfield code="l">NJPG</subfield>
  </datafield>
  <datafield ind1=" " ind2=" " tag="911">
    <subfield code="a">19960905</subfield>
  </datafield>
  <datafield ind1=" " ind2=" " tag="912">
    <subfield code="a">19980106053947.0</subfield>
  </datafield>
  <datafield ind1=" " ind2=" " tag="994">
    <subfield code="a">C0</subfield>
    <subfield code="b">PUL</subfield>
  </datafield>
  <datafield ind1=" " ind2=" " tag="999">
    <subfield code="a">1080251</subfield>
  </datafield>
  <datafield ind1="0" ind2="1" tag="852">
    <subfield code="0">1242859</subfield>
    <subfield code="b">rcppa</subfield>
    <subfield code="t">1</subfield>
    <subfield code="h">BP130.4</subfield>
    <subfield code="i">.A473 1982</subfield>
    <subfield code="x">tr fr arab</subfield>
  </datafield>
  <datafield ind1=" " ind2="0" tag="866">
    <subfield code="0">1242859</subfield>
    <subfield code="8">0</subfield>
    <subfield code="a">al-Juzʾ 1</subfield>
  </datafield>
  <datafield ind1=" " ind2="0" tag="866">
    <subfield code="0">1242859</subfield>
    <subfield code="8">0</subfield>
    <subfield code="x">DESIGNATOR: al-Juzʾ</subfield>
  </datafield>
  <datafield ind1=" " ind2=" " tag="959">
    <subfield code="a">2000-06-13 00:00:00 -0500</subfield>
  </datafield>
</record>
